@ONLINE{javacc1,
title = {JavaCC Parser Generator},
month = jun,
year = {2013},
url = {http://www.javacc.org/}
}

@ONLINE{zql1,
title = {Open Source SQL Parser: ZQL},
month = jun,
year = {2013},
url = {http://zql.sourceforge.net/}
}

@ONLINE{sqldiff1,
title = {Unterschiede verschiedener DBMS},
month = jun,
year = {2013},
url = {http://troels.arvin.dk/db/rdbms/}
}

@ONLINE{partsubdb,
title = {TPC-H Datenbankschemata},
month = aug,
year = {2013},
pages = {12},
url = {http://www.tpc.org/tpch/spec/tpch2.16.0.pdf}
}




 @article{sqltut1,
 author = {Mitrovic, Antonija},
 title = {Learning SQL with a computerized tutor},
 journal = {SIGCSE Bull.},
 issue_date = {Mar. 1998},
 volume = {30},
 number = {1},
 month = mar,
 year = {1998},
 issn = {0097-8418},
 pages = {307--311},
 numpages = {5},
 url = {http://doi.acm.org/10.1145/274790.274318},
 doi = {10.1145/274790.274318},
 acmid = {274318},
 publisher = {ACM},
 address = {New York, NY, USA},
} 

@article{explora1,
 author = {Brusilovsky, Peter and Sosnovsky, Sergey and Lee, Danielle H. and Yudelson, Michael and Zadorozhny, Vladimir and Zhou, Xin},
 title = {An open integrated exploratorium for database courses},
 journal = {SIGCSE Bull.},
 issue_date = {September 2008},
 volume = {40},
 number = {3},
 month = jun,
 year = {2008},
 issn = {0097-8418},
 pages = {22--26},
 numpages = {5},
 url = {http://doi.acm.org/10.1145/1597849.1384280},
 doi = {10.1145/1597849.1384280},
 acmid = {1384280},
 publisher = {ACM},
 address = {New York, NY, USA},
 keywords = {e-learning, integration, learning environment, problem-solving, sql},
} 

@inproceedings{winrbdi1,
 author = {Kearns, R. and Shead, S. and Fekete, A.},
 title = {A teaching system for SQL},
 booktitle = {Proceedings of the 2nd Australasian conference on Computer science education},
 series = {ACSE '97},
 year = {1996},
 isbn = {0-89791-958-0},
 location = {The Univ. of Melbourne, Australia},
 pages = {224--231},
 numpages = {8},
 url = {http://doi.acm.org/10.1145/299359.299391},
 doi = {10.1145/299359.299391},
 acmid = {299391},
 publisher = {ACM},
} 


@INPROCEEDINGS{sqllint1,
    author = {Christian Goldberg},
    title = {Do You Know SQL? About Semantic Errors in Database Queries},
    booktitle = {In 7th Workshop on Teaching, Learning and Assessment in Databases},
    year = {2009},
    pages = {13--19}
}

@article{decideable1,
 author = {Guo, Sha and Sun, Wei and Weiss, Mark A.},
 title = {Solving satisfiability and implication problems in database systems},
 journal = {ACM Trans. Database Syst.},
 issue_date = {June 1996},
 volume = {21},
 number = {2},
 month = jun,
 year = {1996},
 issn = {0362-5915},
 pages = {270--293},
 numpages = {24},
 url = {http://doi.acm.org/10.1145/232616.232692},
 doi = {10.1145/232616.232692},
 acmid = {232692},
 publisher = {ACM},
 address = {New York, NY, USA},
 keywords = {deduction, equivalence, implication, reasoning, satisfiabilty},
} 

@inproceedings{brass1,
 author = {Brass, Stefan and Goldberg, Christian},
 title = {Proving the Safety of SQL Queries},
 booktitle = {Proceedings of the Fifth International Conference on Quality Software},
 series = {QSIC '05},
 year = {2005},
 isbn = {0-7695-2472-9},
 pages = {197--204},
 numpages = {8},
 url = {http://dx.doi.org/10.1109/QSIC.2005.50},
 doi = {10.1109/QSIC.2005.50},
 acmid = {1110507},
 publisher = {IEEE Computer Society},
 address = {Washington, DC, USA},
 keywords = {SQL, Runtime Errors, Consistency.},
} 

@article{brass2,
 author = {Brass, Stefan and Goldberg, Christian},
 title = {Semantic errors in SQL queries: A quite complete list},
 journal = {J. Syst. Softw.},
 issue_date = {May 2006},
 volume = {79},
 number = {5},
 month = may,
 year = {2006},
 issn = {0164-1212},
 pages = {630--644},
 numpages = {15},
 url = {http://dx.doi.org/10.1016/j.jss.2005.06.028},
 doi = {10.1016/j.jss.2005.06.028},
 acmid = {1183064},
 publisher = {Elsevier Science Inc.},
 address = {New York, NY, USA},
 keywords = {Bugs, Database courses, Databases, Errors, Logical errors, Queries, SQL, SQL exams, Semantic errors, Software correctness, Static analysis, Teaching},
} 

@article{joinelem1,
 author = {Chakravarthy, Upen S. and Grant, John and Minker, Jack},
 title = {Logic-based approach to semantic query optimization},
 journal = {ACM Trans. Database Syst.},
 issue_date = {June 1990},
 volume = {15},
 number = {2},
 month = jun,
 year = {1990},
 issn = {0362-5915},
 pages = {162--207},
 numpages = {46},
 url = {http://doi.acm.org/10.1145/78922.78924},
 doi = {10.1145/78922.78924},
 acmid = {78924},
 publisher = {ACM},
 address = {New York, NY, USA},
} 

@inproceedings{joinelem2,
 author = {Cheng, Qi and Gryz, Jarek and Koo, Fred and Leung, T. Y. Cliff and Liu, Linqi and Qian, Xiaoyan and Schiefer, K. Bernhard},
 title = {Implementation of Two Semantic Query Optimization Techniques in DB2 Universal Database},
 booktitle = {Proceedings of the 25th International Conference on Very Large Data Bases},
 series = {VLDB '99},
 year = {1999},
 isbn = {1-55860-615-7},
 pages = {687--698},
 numpages = {12},
 url = {http://dl.acm.org/citation.cfm?id=645925.671357},
 acmid = {671357},
 publisher = {Morgan Kaufmann Publishers Inc.},
 address = {San Francisco, CA, USA},
}
----

@Misc{sql1folien,
author = {Brass, Stefan},
title = {Vorlesung: Datenbanken I},
OPTyear = {2012},
location= {Martin-Luther-Universit√§t Halle-Wittenberg},
}


----

@article{outer2inner,
 author = {Hill, Gerhard and Ross, Andrew},
 title = {Reducing outer joins},
 journal = {The VLDB Journal},
 issue_date = {June      2009},
 volume = {18},
 number = {3},
 month = jun,
 year = {2009},
 issn = {1066-8888},
 pages = {599--610},
 numpages = {12},
 url = {http://dx.doi.org/10.1007/s00778-008-0110-5},
 doi = {10.1007/s00778-008-0110-5},
 acmid = {1553327},
 publisher = {Springer-Verlag New York, Inc.},
 address = {Secaucus, NJ, USA},
 keywords = {Efficient join evaluation, Join transformation, Outer join evaluation, Semijoin reduction, Virtual row method},
}